@article{ride-16,
  author = {Михаил Олегович Бахтерев and Павел Александрович Васёв},
  title = {Об эффективной реализации системы RiDE},
  year = {2016},
  address = {Саров},
  journal = {XVI Международная конференция «Супервычисления и Математическое Моделирование». Тезисы},
  pages = {25--27}
}

@book{dcpl-08,
  author = {Franklyn Turbak and David Gifford and Mark A. Sheldon},
  title = {Design Concepts in Programming Lan\-gua\-ges},
  year = {2008},
  address = {Cambridge},
  organization = {Massachusetts Institute of Technology},
  chapter = {2}
}

@book{tapl,
  author = {Бенджамин Пирс},
  title = {Типы в языках программирования},
  year = {2010},
  chapter = {20}
}

@book{csp,
  author = {Charles Antony Richard Hoare},
  title = {Communicating Sequential Processes},
  year = {2003},
  chapter = {1}
}
